
@article{shabnam2016,
	title = {The Impact of Food Price Crises on the Demand for Nutrients in Pakistan},
	author = {Shabnam, Nadia and Santeramo, Fabio Gaetano and Asghar, Zahid and Seccia, Antonio},
	year = {2016},
	month = {12},
	date = {2016-12},
	journal = {Journal of South Asian Development},
	pages = {305--327},
	volume = {11},
	number = {3},
	doi = {10.1177/0973174116667102},
	url = {http://dx.doi.org/10.1177/0973174116667102},
	langid = {en}
}
